@inproceedings{mildenhall1999systematic,
  title={A systematic relationship between minimum bias and generalized linear models},
  author={Mildenhall, Stephen J},
  booktitle={Proceedings of the Casualty Actuarial Society},
  volume={86},
  number={164},
  pages={393--487},
  year={1999}
}

@online{solv2,
    title={Solvency {II}},
    author={European Commission},
    year={2016},
    url={http://ec.europa.eu/finance/insurance/solvency2/index_en.htm}
}

@online{OSFI2015,
    author={OSFI},
    title={Minimum Capital Test For Federally Regulated Property and Casualty Insurance Companies},
    year={2015},
    url={http://www.osfi-bsif.gc.ca/Eng/fi-if/rg-ro/gdn-ort/gl-ld/Pages/mct2015.aspx}
}

@online{BCBS1,
    author={Basel Committee on Banking Supervision},
    title={International convergence of capital measurement and capital standards: A revised framework (comprehensive version)},
    year={2006},
    url={http://www.bis.org/index.htm}
}

@online{BCBS2,
    author={Basel Committee on Banking Supervision},
    title={Revisions to the Basel II market risk framework},
    year={2011},
    url={http://www.bis.org/index.htm}
}

@inproceedings{murphy2000using,
  title={Using generalized linear models to build dynamic pricing systems},
  author={Murphy, Karl P and Brockman, Michael J and Lee, Peter KW},
  booktitle={Casualty Actuarial Society Forum, Winter},
  pages={107--139},
  year={2000},
  organization={Citeseer}
}

@article{peters2008model,
  title={Model risk in claims reserving within Tweedieâ€™s compound Poisson models},
  author={Peters, Gareth W and Shevchenko, Pavel V and W{\"u}thrich, Mario V},
  journal={ASTIN Bulletin, to appear},
  year={2008}
}

@article{yang2016insurance,
  title={Insurance Premium Prediction via Gradient Tree-Boosted Tweedie Compound Poisson Models},
  author={Yang, Yi and Qian, Wei and Zou, Hui},
  year={2016}
}
